@article{nguyenenabling,
  title={Enabling and Emerging Technologies for Social Distancing: A Comprehensive Survey},
  author={Nguyen, Cong T and Saputra, Yuris Mulya and Van Huynh, Nguyen and Nguyen, Ngoc-Tan and Khoa, Tran Viet and Tuan, Bui Minh and Nguyen, Diep N and Hoang, Dinh Thai and Vu, Thang X and Dutkiewicz, Eryk and others}
}

@article{hoffmann2003metric,
  title={The Metric-FF Planning System: Translating``Ignoring Delete Lists''to Numeric State Variables},
  author={Hoffmann, J{\"o}rg},
  journal={Journal of artificial intelligence research},
  volume={20},
  pages={291--341},
  year={2003}
}

@Article{Georgievska2019,
  author    = {Sonja Georgievska and Philip Rutten and Jan Amoraal and Elena Ranguelova and Rena Bakhshi and Ben L. de Vries and Michael Lees and Sander Klous},
  title     = {Detecting high indoor crowd density with Wi-Fi localization: a statistical mechanics approach},
  journal   = {Journal of Big Data},
  year      = {2019},
  volume    = {6},
  number    = {1},
  month     = {mar},
  doi       = {10.1186/s40537-019-0194-3},
  publisher = {Springer Science and Business Media {LLC}},
  timestamp = {2020-07-11},
}